<?xml version="1.0" encoding="UTF-8"?>
  <record xmlns="http://www.loc.gov/MARC21/slim" type="Authority">
    <leader>00000nz  a2200000nc 4500</leader>
    <controlfield tag="001">100942415</controlfield>
    <controlfield tag="003">DE-101</controlfield>
    <controlfield tag="005">20200312112949.0</controlfield>
    <controlfield tag="008">910104n||azznnaabn           | aaa    |c</controlfield>
    <datafield tag="024" ind1="7" ind2=" ">
      <subfield code="a">100942415</subfield>
      <subfield code="0">http://d-nb.info/gnd/100942415</subfield>
      <subfield code="2">gnd</subfield>
    </datafield>
    <datafield tag="035" ind1=" " ind2=" ">
      <subfield code="a">(DE-101)100942415</subfield>
    </datafield>
    <datafield tag="035" ind1=" " ind2=" ">
      <subfield code="a">(DE-588)100942415</subfield>
    </datafield>
    <datafield tag="035" ind1=" " ind2=" ">
      <subfield code="z">(DE-588)1090305974</subfield>
    </datafield>
    <datafield tag="035" ind1=" " ind2=" ">
      <subfield code="z">(DE-588)1089982860</subfield>
    </datafield>
    <datafield tag="035" ind1=" " ind2=" ">
      <subfield code="z">(DE-588a)100942415</subfield>
      <subfield code="9">v:zg</subfield>
    </datafield>
    <datafield tag="035" ind1=" " ind2=" ">
      <subfield code="z">(DE-588c)7724782-6</subfield>
      <subfield code="9">v:zg</subfield>
    </datafield>
    <datafield tag="040" ind1=" " ind2=" ">
      <subfield code="a">DE-12</subfield>
      <subfield code="c">DE-12</subfield>
      <subfield code="9">r:DE-12</subfield>
      <subfield code="b">ger</subfield>
      <subfield code="d">0012</subfield>
    </datafield>
    <datafield tag="042" ind1=" " ind2=" ">
      <subfield code="a">gnd1</subfield>
    </datafield>
    <datafield tag="043" ind1=" " ind2=" ">
      <subfield code="c">XA-IT</subfield>
    </datafield>
    <datafield tag="065" ind1=" " ind2=" ">
      <subfield code="a">6.1p</subfield>
      <subfield code="2">sswd</subfield>
    </datafield>
    <datafield tag="075" ind1=" " ind2=" ">
      <subfield code="b">p</subfield>
      <subfield code="2">gndgen</subfield>
    </datafield>
    <datafield tag="075" ind1=" " ind2=" ">
      <subfield code="b">piz</subfield>
      <subfield code="2">gndspec</subfield>
    </datafield>
    <datafield tag="079" ind1=" " ind2=" ">
      <subfield code="a">g</subfield>
      <subfield code="q">f</subfield>
      <subfield code="q">n</subfield>
      <subfield code="q">a</subfield>
      <subfield code="q">s</subfield>
      <subfield code="u">o</subfield>
      <subfield code="u">v</subfield>
    </datafield>
    <datafield tag="100" ind1="0" ind2=" ">
      <subfield code="a">Georgius</subfield>
      <subfield code="c">Merula</subfield>
      <subfield code="d">1430-1494</subfield>
    </datafield>
    <datafield tag="400" ind1="1" ind2=" ">
      <subfield code="a">Merula, Giorgio</subfield>
      <subfield code="d">1430-1494</subfield>
      <subfield code="9">v:(VD-16)</subfield>
    </datafield>
    <datafield tag="400" ind1="0" ind2=" ">
      <subfield code="a">Giorgio</subfield>
      <subfield code="c">Merula</subfield>
      <subfield code="d">1430-1494</subfield>
    </datafield>
    <datafield tag="400" ind1="1" ind2=" ">
      <subfield code="a">Merlani, Georgius</subfield>
      <subfield code="d">1430-1494</subfield>
    </datafield>
    <datafield tag="400" ind1="0" ind2=" ">
      <subfield code="a">Georgius</subfield>
      <subfield code="c">Statyellensis</subfield>
      <subfield code="d">1430-1494</subfield>
    </datafield>
    <datafield tag="400" ind1="0" ind2=" ">
      <subfield code="a">Georges</subfield>
      <subfield code="c">Merlani</subfield>
      <subfield code="d">1430-1494</subfield>
    </datafield>
    <datafield tag="400" ind1="0" ind2=" ">
      <subfield code="a">Georgius</subfield>
      <subfield code="c">Merlanus</subfield>
      <subfield code="d">1430-1494</subfield>
    </datafield>
    <datafield tag="400" ind1="1" ind2=" ">
      <subfield code="a">Merula, Georgius</subfield>
      <subfield code="d">1430-1494</subfield>
    </datafield>
    <datafield tag="400" ind1="1" ind2=" ">
      <subfield code="a">Merulla, Georgius</subfield>
      <subfield code="d">1430-1494</subfield>
    </datafield>
    <datafield tag="400" ind1="1" ind2=" ">
      <subfield code="a">Mervlla, Georgivs</subfield>
      <subfield code="d">1430-1494</subfield>
    </datafield>
    <datafield tag="400" ind1="0" ind2=" ">
      <subfield code="a">Giorgio</subfield>
      <subfield code="c">Merlano di Negro</subfield>
      <subfield code="d">1430-1494</subfield>
    </datafield>
    <datafield tag="400" ind1="1" ind2=" ">
      <subfield code="a">Merlano di Negro, Giorgio</subfield>
      <subfield code="d">1430-1494</subfield>
    </datafield>
    <datafield tag="400" ind1="0" ind2=" ">
      <subfield code="a">Georgij</subfield>
      <subfield code="c">Aleksandrijskij</subfield>
      <subfield code="d">1430-1494</subfield>
    </datafield>
    <datafield tag="400" ind1="0" ind2=" ">
      <subfield code="a">Giorgi</subfield>
      <subfield code="c">Alek'sandrieli</subfield>
      <subfield code="d">1430-1494</subfield>
    </datafield>
    <datafield tag="400" ind1="0" ind2=" ">
      <subfield code="a">Georgius</subfield>
      <subfield code="c">Alexandrinus</subfield>
      <subfield code="d">1430-1494</subfield>
    </datafield>
    <datafield tag="400" ind1="0" ind2=" ">
      <subfield code="a">Georgios</subfield>
      <subfield code="c">von Alexandrien</subfield>
      <subfield code="d">1430-1494</subfield>
    </datafield>
    <datafield tag="400" ind1="1" ind2=" ">
      <subfield code="a">Alexandrinus, Georgius</subfield>
      <subfield code="d">1430-1494</subfield>
    </datafield>
    <datafield tag="400" ind1="0" ind2=" ">
      <subfield code="a">Georgius</subfield>
      <subfield code="c">Merulla</subfield>
      <subfield code="d">1430-1494</subfield>
    </datafield>
    <datafield tag="400" ind1="0" ind2=" ">
      <subfield code="a">Georgivs</subfield>
      <subfield code="c">Mervlla</subfield>
      <subfield code="d">1430-1494</subfield>
    </datafield>
    <datafield tag="548" ind1=" " ind2=" ">
      <subfield code="a">1430-1494</subfield>
      <subfield code="4">datl</subfield>
      <subfield code="4">https://d-nb.info/standards/elementset/gnd#dateOfBirthAndDeath</subfield>
      <subfield code="w">r</subfield>
      <subfield code="i">Lebensdaten</subfield>
      <subfield code="9">v:alternatives Geburtsjahr: 1431</subfield>
    </datafield>
    <datafield tag="550" ind1=" " ind2=" ">
      <subfield code="0">(DE-101)041607775</subfield>
      <subfield code="0">(DE-588)4160777-6</subfield>
      <subfield code="0">https://d-nb.info/gnd/4160777-6</subfield>
      <subfield code="a">Humanist</subfield>
      <subfield code="4">berc</subfield>
      <subfield code="4">https://d-nb.info/standards/elementset/gnd#professionOrOccupation</subfield>
      <subfield code="w">r</subfield>
      <subfield code="i">Charakteristischer Beruf</subfield>
    </datafield>
    <datafield tag="551" ind1=" " ind2=" ">
      <subfield code="0">(DE-101)04207729X</subfield>
      <subfield code="0">(DE-588)4207729-1</subfield>
      <subfield code="0">https://d-nb.info/gnd/4207729-1</subfield>
      <subfield code="a">Alessandria</subfield>
      <subfield code="4">ortg</subfield>
      <subfield code="4">https://d-nb.info/standards/elementset/gnd#placeOfBirth</subfield>
      <subfield code="w">r</subfield>
      <subfield code="i">Geburtsort</subfield>
    </datafield>
    <datafield tag="551" ind1=" " ind2=" ">
      <subfield code="0">(DE-101)04037100X</subfield>
      <subfield code="0">(DE-588)4037100-1</subfield>
      <subfield code="0">https://d-nb.info/gnd/4037100-1</subfield>
      <subfield code="a">Mailand</subfield>
      <subfield code="4">orts</subfield>
      <subfield code="4">https://d-nb.info/standards/elementset/gnd#placeOfDeath</subfield>
      <subfield code="w">r</subfield>
      <subfield code="i">Sterbeort</subfield>
    </datafield>
    <datafield tag="667" ind1=" " ind2=" ">
      <subfield code="a">12-PMA</subfield>
    </datafield>
    <datafield tag="667" ind1=" " ind2=" ">
      <subfield code="a">12</subfield>
    </datafield>
    <datafield tag="667" ind1=" " ind2=" ">
      <subfield code="a">384</subfield>
    </datafield>
    <datafield tag="667" ind1=" " ind2=" ">
      <subfield code="a">7</subfield>
    </datafield>
    <datafield tag="667" ind1=" " ind2=" ">
      <subfield code="a">VD-16</subfield>
    </datafield>
    <datafield tag="667" ind1=" " ind2=" ">
      <subfield code="a">VD-17</subfield>
    </datafield>
    <datafield tag="670" ind1=" " ind2=" ">
      <subfield code="a">EDIT16 CNCA 1156</subfield>
    </datafield>
    <datafield tag="670" ind1=" " ind2=" ">
      <subfield code="a">Rep.Font. VII,574</subfield>
    </datafield>
    <datafield tag="670" ind1=" " ind2=" ">
      <subfield code="a">LMA,VI,550</subfield>
    </datafield>
    <datafield tag="670" ind1=" " ind2=" ">
      <subfield code="a">Biografisch Archief van de Benelux I 461,54</subfield>
    </datafield>
    <datafield tag="670" ind1=" " ind2=" ">
      <subfield code="a">Griechisches Biographisches Archiv 153, 124-125</subfield>
    </datafield>
    <datafield tag="670" ind1=" " ind2=" ">
      <subfield code="a">Wikipedia</subfield>
      <subfield code="u">https://de.wikipedia.org/wiki/Giorgio_Merula</subfield>
    </datafield>
    <datafield tag="672" ind1=" " ind2="0">
      <subfield code="a">Enarrationes vocum priscarum in Libris de Re Rustica</subfield>
      <subfield code="f">1541</subfield>
    </datafield>
    <datafield tag="672" ind1=" " ind2="0">
      <subfield code="a">Enarrationes vocum priscarum in Libris de Re Rustica</subfield>
      <subfield code="f">1543</subfield>
    </datafield>
    <datafield tag="672" ind1=" " ind2="0">
      <subfield code="a">Enarrationes vocum priscarum in Libris de Re Rustica</subfield>
      <subfield code="f">1549</subfield>
    </datafield>
    <datafield tag="672" ind1=" " ind2="0">
      <subfield code="a">Cassius &lt;Dio&gt;: Nervae et Traiani atque Adriani Caesaris Vitae</subfield>
      <subfield code="f">1516</subfield>
    </datafield>
    <datafield tag="672" ind1=" " ind2="0">
      <subfield code="a">Cassius &lt;Dio&gt;: Nervae et Troiani atque Adriani Caesaris Vitae</subfield>
      <subfield code="f">1519</subfield>
    </datafield>
    <datafield tag="672" ind1=" " ind2="0">
      <subfield code="a">Marzio, Galeotto: De homine libri duo</subfield>
      <subfield code="f">1517</subfield>
    </datafield>
    <datafield tag="672" ind1=" " ind2="0">
      <subfield code="a">Martialis, Marcus V.: Epigrammata</subfield>
      <subfield code="f">1522</subfield>
    </datafield>
    <datafield tag="672" ind1=" " ind2="0">
      <subfield code="a">Cicero, Marcus Tullius: Epistolarum familiarum libri XVI</subfield>
      <subfield code="f">1507</subfield>
    </datafield>
    <datafield tag="672" ind1=" " ind2="0">
      <subfield code="a">Cicero, Marcus Tullius: Epistolarum familiarum libri XVI</subfield>
      <subfield code="f">1508</subfield>
    </datafield>
    <datafield tag="672" ind1=" " ind2="0">
      <subfield code="a">Cicero, Marcus Tullius: Familiares epistolae</subfield>
      <subfield code="f">1511</subfield>
    </datafield>
    <datafield tag="672" ind1=" " ind2="0">
      <subfield code="a">Libri de re rustica. 1536. (VD16 L 1580)</subfield>
    </datafield>
    <datafield tag="672" ind1=" " ind2="0">
      <subfield code="a">Marzio, Galeotto: GALEOTI MARTII NARNIENSIS DE HOMINE LIBRI DVO. GEORGII MERVLAE ALEXANDRINI IN ... 1517. (VD16 M 1306)</subfield>
    </datafield>
    <datafield tag="672" ind1=" " ind2="0">
      <subfield code="a">Plautus, Titus Maccius: M.ACCII PLAVTI SARSINATIS COMICI FESTIVISSIMI COMOEDIAE XX. iam denuo diligentius ... 1530. (VD16 P 3383)</subfield>
    </datafield>
    <datafield tag="672" ind1=" " ind2="0">
      <subfield code="a">Erasmus, Desiderius: C. Suetonius Tranquillus, Dion Cassius Nicaeus, Aelius Spartianus, Julius Capitolinus, Aelius Lampridius ... 1533. (VD16 E 3647)</subfield>
    </datafield>
    <datafield tag="672" ind1=" " ind2="0">
      <subfield code="a">Ovidius Naso, Publius: P. OVIDII NASONIS POETAE SVLMONENSIS OPERA QVAE VOCANTVR AMATORIA, CVM DOCTORVM VIRORVM ... 1549. (VD16 O 1526)</subfield>
    </datafield>
    <datafield tag="672" ind1=" " ind2="0">
      <subfield code="a">Erasmus, Desiderius: C. Suetonius Tranquillus, Dion Cassius Nicaeus, Aelius Spartianus, Julius Capitolinus, Aelius Lampridius ... 1527. (VD16 E 3646)</subfield>
    </datafield>
    <datafield tag="672" ind1=" " ind2="0">
      <subfield code="a">Plautus, Titus Maccius: PLAVTVS POETA COMICVS . 1508. (VD16 P 3379)</subfield>
    </datafield>
    <datafield tag="672" ind1=" " ind2="0">
      <subfield code="a">Erasmus, Desiderius: C. Suetonius Tranquillus, Dion Cassius Nicaeus, Aelius Spartianus, Julius Capitolinus, Aelius Lampridius ... 1518. (VD16 E 3644)</subfield>
    </datafield>
    <datafield tag="913" ind1=" " ind2=" ">
      <subfield code="S">pnd</subfield>
      <subfield code="i">5</subfield>
      <subfield code="a">Georgius &lt;Merula&gt;</subfield>
      <subfield code="0">(DE-588a)100942415</subfield>
    </datafield>
  </record>
